@inproceedings{zhu2023gait,
  title={Gait recognition using 3-d human body shape inference},
  author={Zhu, Haidong and Zheng, Zhaoheng and Nevatia, Ram},
  booktitle={Proceedings of the IEEE/CVF Winter Conference on Applications of Computer Vision},
  pages={909--918},
  year={2023}
}