@ARTICLE{4767851,
  author={Canny, John},
  journal={IEEE Transactions on Pattern Analysis and Machine Intelligence}, 
  title={A Computational Approach to Edge Detection}, 
  year={1986},
  volume={PAMI-8},
  number={6},
  pages={679-698},
  doi={10.1109/TPAMI.1986.4767851}
},

@inproceedings{xuan2017improved,
  title={An improved canny edge detection algorithm},
  author={Xuan, Li and Hong, Zhang},
  booktitle={2017 8th IEEE international conference on software engineering and service science (ICSESS)},
  pages={275--278},
  year={2017},
  organization={IEEE}
},

@inproceedings{rong2014improved,
  title={An improved CANNY edge detection algorithm},
  author={Rong, Weibin and Li, Zhanjing and Zhang, Wei and Sun, Lining},
  booktitle={2014 IEEE international conference on mechatronics and automation},
  pages={577--582},
  year={2014},
  organization={IEEE}
}, 

@inproceedings{er2009adaptive,
  title={An adaptive edge-detection method based on the canny operator},
  author={Er-Sen, Li and Shu-Long, Zhu and Bao-shan, Zhu and Yong, Zhao and Chao-gui, Xia and Li-hua, Song},
  booktitle={2009 International Conference on Environmental Science and Information Application Technology},
  volume={1},
  pages={465--469},
  year={2009},
  organization={IEEE}
}