@inproceedings{qin2023unifusion,
  title={Unifusion: Unified multi-view fusion transformer for spatial-temporal representation in bird's-eye-view},
  author={Qin, Zequn and Chen, Jingyu and Chen, Chao and Chen, Xiaozhi and Li, Xi},
  booktitle={Proceedings of the IEEE/CVF International Conference on Computer Vision},
  pages={8690--8699},
  year={2023}
}