 @inproceedings{yao2019revisiting,
  title={Revisiting spatial-temporal similarity: A deep learning framework for traffic prediction},
  author={Yao, Huaxiu and Tang, Xianfeng and Wei, Hua and Zheng, Guanjie and Li, Zhenhui},
  booktitle={Proceedings of the AAAI conference on artificial intelligence},
  volume={33},
  number={01},
  pages={5668--5675},
  year={2019}
 },
 @inproceedings{guo2020single,
		title={Single path one-shot neural architecture search with uniform sampling},
		author={Guo, Zichao and Zhang, Xiangyu and Mu, Haoyuan and Heng, Wen and Liu, Zechun and Wei, Yichen and Sun, Jian},
		booktitle={European conference on computer vision},
		pages={544--560},
		year={2020}
},
@article{mahfoud1995parallel,
  title={Parallel recombinative simulated annealing: A genetic algorithm},
  author={Mahfoud, Samir W and Goldberg, David E},
  journal={Parallel computing},
  volume={21},
  number={1},
  pages={1--28},
  year={1995}
}

