@article{chen2021vision,
  title={When vision transformers outperform resnets without pre-training or strong data augmentations},
  author={Chen, Xiangning and Hsieh, Cho-Jui and Gong, Boqing},
  journal={arXiv preprint arXiv:2106.01548},
  year={2021}
},

@article{foret2020sharpness,
  title={Sharpness-aware minimization for efficiently improving generalization},
  author={Foret, Pierre and Kleiner, Ariel and Mobahi, Hossein and Neyshabur, Behnam},
  journal={arXiv preprint arXiv:2010.01412},
  year={2020}
},

@inproceedings{ingre2015performance,
  title={Performance analysis of NSL-KDD dataset using ANN},
  author={Ingre, Bhupendra and Yadav, Anamika},
  booktitle={2015 international conference on signal processing and communication engineering systems},
  pages={92--96},
  year={2015},
  organization={IEEE}
},

@inproceedings{ding2018intrusion,
  title={Intrusion detection system for NSL-KDD dataset using convolutional neural networks},
  author={Ding, Yalei and Zhai, Yuqing},
  booktitle={Proceedings of the 2018 2nd International conference on computer science and artificial intelligence},
  pages={81--85},
  year={2018}
}
