@inproceedings{fu2023gpgait,
  title={Gpgait: Generalized pose-based gait recognition},
  author={Fu, Yang and Meng, Shibei and Hou, Saihui and Hu, Xuecai and Huang, Yongzhen},
  booktitle={Proceedings of the IEEE/CVF International Conference on Computer Vision},
  pages={19595--19604},
  year={2023}
}
